@article{RN377,
   author = {Albuquerque, Isabel and Lima, Margarida and Matos, Marcela and Figueiredo, Cláudia},
   title = {The Interplay Among Levels of Personality: The Mediator Effect of Personal Projects Between the Big Five and Subjective Well-Being},
   journal = {Journal of Happiness Studies},
   volume = {14},
   number = {1},
   pages = {235-250},
   ISSN = {13894978},
   DOI = {10.1007/s10902-012-9326-6},
   url = {http://ezproxy.deakin.edu.au/login?url=http://search.ebscohost.com/login.aspx?direct=true&db=pbh&AN=85896497&site=ehost-live
https://link.springer.com/article/10.1007%2Fs10902-012-9326-6},
   year = {2013},
   type = {Journal Article}
}

@article{RN370,
   author = {Anitei, Mihai and Burtaverde, Vlad and Teodor, Mihaila and Craciun, Andra},
   title = {PAPER #121 - Comparative study on positive and negative emotions, personality traits, level of Well-being and Quality of life between students at psychology and engineering students},
   journal = {Romanian Journal of Experimental Applied Psychology},
   volume = {6},
   pages = {106-106},
   ISSN = {20691971},
   url = {http://ezproxy.deakin.edu.au/login?url=http://search.ebscohost.com/login.aspx?direct=true&db=a9h&AN=111109552&site=ehost-live},
   year = {2015},
   type = {Journal Article}
}

@article{RN374,
   author = {Anusic, Ivana and Schimmack, Ulrich},
   title = {Stability and change of personality traits, self-esteem, and well-being: Introducing the meta-analytic stability and change model of retest correlations},
   journal = {Journal Of Personality And Social Psychology},
   volume = {110},
   number = {5},
   pages = {766-781},
   ISSN = {1939-1315},
   DOI = {10.1037/pspp0000066},
   url = {http://ezproxy.deakin.edu.au/login?url=http://search.ebscohost.com/login.aspx?direct=true&db=mdc&AN=26619304&site=ehost-live},
   year = {2016},
   type = {Journal Article}
}

@article{RN369,
   author = {Barford, Kate A. and Smillie, Luke D.},
   title = {Openness and other Big Five traits in relation to dispositional mixed emotions},
   journal = {Personality & Individual Differences},
   volume = {102},
   pages = {118-122},
   ISSN = {01918869},
   DOI = {10.1016/j.paid.2016.07.002},
   url = {http://ezproxy.deakin.edu.au/login?url=http://search.ebscohost.com/login.aspx?direct=true&db=a9h&AN=117588367&site=ehost-live},
   year = {2016},
   type = {Journal Article}
}

@article{RN312,
   author = {Bartels, Meike},
   title = {Genetics of Wellbeing and Its Components Satisfaction with Life, Happiness, and Quality of Life: A Review and Meta-analysis of Heritability Studies},
   journal = {Behavior Genetics},
   volume = {45},
   number = {2},
   pages = {137-156},
   ISSN = {00018244},
   DOI = {10.1007/s10519-015-9713-y},
   url = {http://search.ebscohost.com/login.aspx?direct=true&AuthType=sso&db=pbh&AN=101309485&site=ehost-live&scope=site&authtype=sso&custid=deakin
https://www.ncbi.nlm.nih.gov/pmc/articles/PMC4346667/pdf/10519_2015_Article_9713.pdf},
   year = {2015},
   type = {Journal Article}
}

@article{RN420,
   author = {Blore, Jed D. and Stokes, Mark A. and Mellor, David and Firth, Lucy and Cummins, Robert A.},
   title = {Comparing Multiple Discrepancies Theory to Affective Models of Subjective Wellbeing},
   journal = {Social Indicators Research},
   volume = {100},
   number = {1},
   pages = {1-16},
   ISSN = {1573-0921},
   DOI = {10.1007/s11205-010-9599-2},
   url = {https://doi.org/10.1007/s11205-010-9599-2
https://link.springer.com/content/pdf/10.1007%2Fs11205-010-9599-2.pdf},
   year = {2011},
   type = {Journal Article}
}

@article{RN423,
   author = {Busseri, Michael and Sadava, Stan},
   title = {Subjective Well-Being as a Dynamic and Agentic System: Evidence from a Longitudinal Study},
   journal = {Journal of Happiness Studies},
   volume = {14},
   number = {4},
   pages = {1085-1112},
   ISSN = {13894978},
   DOI = {10.1007/s10902-012-9368-9},
   url = {http://ezproxy.deakin.edu.au/login?url=http://search.ebscohost.com/login.aspx?direct=true&db=pbh&AN=90051499&site=ehost-live
https://link.springer.com/article/10.1007%2Fs10902-012-9368-9},
   year = {2013},
   type = {Journal Article}
}

@article{RN311,
   author = {Busseri, Michael A.},
   title = {Examining the structure of subjective well-being through meta-analysis of the associations among positive affect, negative affect, and life satisfaction},
   journal = {Personality and Individual Differences},
   volume = {122},
   pages = {68-71},
   ISSN = {0191-8869},
   DOI = {10.1016/j.paid.2017.10.003},
   url = {http://search.ebscohost.com/login.aspx?direct=true&AuthType=sso&db=psyh&AN=2017-51969-013&site=ehost-live&scope=site&authtype=sso&custid=deakin
mbusseri@brocku.ca},
   year = {2018},
   type = {Journal Article}
}

@article{RN382,
   author = {Capic, Tanja and Li, Ning and Cummins, Robert A.},
   title = {Confirmation of Subjective Wellbeing Set-Points: Foundational for Subjective Social Indicators},
   journal = {Social Indicators Research},
   volume = {137},
   number = {1},
   pages = {1-28},
   ISSN = {03038300},
   DOI = {10.1007/s11205-017-1585-5},
   url = {http://ezproxy.deakin.edu.au/login?url=http://search.ebscohost.com/login.aspx?direct=true&db=a9h&AN=128888986&site=ehost-live
https://link.springer.com/article/10.1007%2Fs11205-017-1585-5},
   year = {2018},
   type = {Journal Article}
}

@article{RN421,
   author = {Cummins, Robert},
   title = {Subjective Wellbeing, Homeostatically Protected Mood and Depression: A Synthesis},
   journal = {Journal of Happiness Studies},
   volume = {11},
   number = {1},
   pages = {1-17},
   ISSN = {13894978},
   DOI = {10.1007/s10902-009-9167-0},
   url = {http://ezproxy.deakin.edu.au/login?url=http://search.ebscohost.com/login.aspx?direct=true&db=pbh&AN=47816768&site=ehost-live
https://link.springer.com/article/10.1007%2Fs10902-009-9167-0},
   year = {2010},
   type = {Journal Article}
}

@article{RN305,
   author = {Cummins, Robert and Li, Ning and Wooden, Mark and Stokes, Mark},
   title = {A Demonstration of Set-Points for Subjective Wellbeing},
   journal = {Journal of Happiness Studies},
   volume = {15},
   number = {1},
   pages = {183-206},
   ISSN = {13894978},
   DOI = {10.1007/s10902-013-9444-9},
   url = {http://search.ebscohost.com/login.aspx?direct=true&AuthType=sso&db=pbh&AN=94380507&site=ehost-live&scope=site&authtype=sso&custid=deakin
https://link.springer.com/article/10.1007%2Fs10902-013-9444-9},
   year = {2014},
   type = {Journal Article}
}

@article{RN306,
   author = {Cummins, Robert and Wooden, Mark},
   title = {Personal Resilience in Times of Crisis: The Implications of SWB Homeostasis and Set-Points},
   journal = {Journal of Happiness Studies},
   volume = {15},
   number = {1},
   pages = {223-235},
   ISSN = {13894978},
   DOI = {10.1007/s10902-013-9481-4},
   url = {http://search.ebscohost.com/login.aspx?direct=true&AuthType=sso&db=pbh&AN=94380502&site=ehost-live&scope=site&authtype=sso&custid=deakin
https://link.springer.com/article/10.1007%2Fs10902-013-9481-4},
   year = {2014},
   type = {Journal Article}
}

@article{RN417,
   author = {Davern, Melanie T. and Cummins, Robert A. and Stokes, Mark A.},
   title = {Subjective Wellbeing as an Affective-Cognitive Construct},
   journal = {Journal of Happiness Studies},
   volume = {8},
   number = {4},
   pages = {429-449},
   ISSN = {1573-7780},
   DOI = {10.1007/s10902-007-9066-1},
   url = {https://doi.org/10.1007/s10902-007-9066-1
https://link.springer.com/article/10.1007%2Fs10902-007-9066-1
https://link.springer.com/content/pdf/10.1007%2Fs10902-007-9066-1.pdf},
   year = {2007},
   type = {Journal Article}
}

@book{RN467,
   author = {Diener, Ed and E. Lucas, Richard and Oishi, Shigehiro},
   title = {Advances and Open Questions in the Science of Subjective Well-Being},
   volume = {4},
   pages = {15},
   DOI = {10.1525/collabra.115},
   year = {2018},
   type = {Book}
}

@book{RN506,
   author = {Diener, Ed and Heintzelman, Samantha and Kushlev, Kostadin and Tay, Louis and Wirtz, Derrick and Lutes, Lesley and Oishi, Shigehiro},
   title = {Findings All Psychologists Should Know From the New Science on Subjective Well-Being},
   volume = {58},
   DOI = {10.1037/cap0000063},
   year = {2016},
   type = {Book}
}

@book{RN299,
   author = {Diener, Ed and Oishi, Shigehiro and Tay, Louis},
   title = {Advances in subjective well-being research},
   DOI = {10.1038/s41562-018-0307-6},
   year = {2018},
   type = {Book}
}

@article{RN515,
   author = {Garcia, Danilo},
   title = {Two models of personality and well-being among adolescents},
   journal = {Personality & Individual Differences},
   volume = {50},
   number = {8},
   pages = {1208-1212},
   ISSN = {01918869},
   DOI = {10.1016/j.paid.2011.02.009},
   url = {http://ezproxy.deakin.edu.au/login?url=http://search.ebscohost.com/login.aspx?direct=true&db=a9h&AN=59772368&site=ehost-live},
   year = {2011},
   type = {Journal Article}
}

@article{RN424,
   author = {Ha, Shang E. and Kim, Seokho},
   title = {Personality and Subjective Well-Being: Evidence from South Korea},
   journal = {Social Indicators Research},
   volume = {111},
   number = {1},
   pages = {341-359},
   ISSN = {1573-0921},
   DOI = {10.1007/s11205-012-0009-9},
   url = {https://doi.org/10.1007/s11205-012-0009-9
https://link.springer.com/article/10.1007%2Fs11205-012-0009-9},
   year = {2013},
   type = {Journal Article}
}

@article{RN376,
   author = {Heidemeier, Heike and Göritz, Anja},
   title = {The Instrumental Role of Personality Traits: Using Mixture Structural Equation Modeling to Investigate Individual Differences in the Relationships Between the Big Five Traits and Life Satisfaction},
   journal = {Journal of Happiness Studies},
   volume = {17},
   number = {6},
   pages = {2595-2612},
   ISSN = {13894978},
   DOI = {10.1007/s10902-015-9708-7},
   url = {http://ezproxy.deakin.edu.au/login?url=http://search.ebscohost.com/login.aspx?direct=true&db=pbh&AN=119756640&site=ehost-live
https://link.springer.com/article/10.1007%2Fs10902-015-9708-7},
   year = {2016},
   type = {Journal Article}
}

@inbook{RN498,
   author = {Hill, Patrick L. and Mroczek, Daniel K. and Young, Robin K.},
   title = {Chapter 12 - Personality Traits as Potential Moderators of Well-Being: Setting a Foundation for Future Research},
   booktitle = {Stability of Happiness},
   editor = {Sheldon, Kennon M. and Lucas, Richard E.},
   publisher = {Academic Press},
   address = {San Diego},
   pages = {245-259},
   ISBN = {978-0-12-411478-4},
   DOI = {https://doi.org/10.1016/B978-0-12-411478-4.00012-6},
   url = {http://www.sciencedirect.com/science/article/pii/B9780124114784000126},
   year = {2014},
   type = {Book Section}
}

@article{RN313,
   author = {Huang, Chiungjung},
   title = {Time Spent on Social Network Sites and Psychological Well-Being: A Meta-Analysis},
   journal = {CyberPsychology, Behavior & Social Networking},
   volume = {20},
   number = {6},
   pages = {346-354},
   ISSN = {21522715},
   DOI = {10.1089/cyber.2016.0758},
   url = {http://search.ebscohost.com/login.aspx?direct=true&AuthType=sso&db=pbh&AN=123647619&site=ehost-live&scope=site&authtype=sso&custid=deakin},
   year = {2017},
   type = {Journal Article}
}

@article{RN302,
   author = {Joshanloo, Mohsen},
   title = {Mediators of the relationship between externality of happiness and subjective well-being},
   journal = {Personality and Individual Differences},
   volume = {119},
   pages = {147-151},
   ISSN = {0191-8869},
   DOI = {10.1016/j.paid.2017.07.017},
   url = {http://search.ebscohost.com/login.aspx?direct=true&AuthType=sso&db=psyh&AN=2017-40690-028&site=ehost-live&scope=site&authtype=sso&custid=deakin
ORCID: 0000-0001-9350-6219
mjoshanloo@gw.kmu.ac.kr},
   year = {2017},
   type = {Journal Article}
}

@article{RN426,
   author = {Jovanovic, Veljko},
   title = {Personality and subjective well-being: One neglected model of personality and two forgotten aspects of subjective well-being},
   journal = {Personality and Individual Differences},
   volume = {50},
   number = {5},
   pages = {631-635},
   ISSN = {0191-8869},
   DOI = {https://doi.org/10.1016/j.paid.2010.12.008},
   url = {http://www.sciencedirect.com/science/article/pii/S0191886910005921},
   year = {2011},
   type = {Journal Article}
}

@article{RN381,
   author = {Kumari, Ranjana and Kumari, Sanjeev},
   title = {Well-being in relation to personality},
   journal = {Indian Journal of Health & Wellbeing},
   volume = {8},
   number = {11},
   pages = {1365-1369},
   ISSN = {22295356},
   url = {http://ezproxy.deakin.edu.au/login?url=http://search.ebscohost.com/login.aspx?direct=true&db=a9h&AN=127221580&site=ehost-live},
   year = {2017},
   type = {Journal Article}
}

@article{RN425,
   author = {Lai, Lufanna and Cummins, Robert},
   title = {The Contribution of Job and Partner Satisfaction to the Homeostatic Defense of Subjective Wellbeing},
   journal = {Social Indicators Research},
   volume = {111},
   number = {1},
   pages = {203-217},
   ISSN = {03038300},
   DOI = {10.1007/s11205-011-9991-6},
   url = {http://ezproxy.deakin.edu.au/login?url=http://search.ebscohost.com/login.aspx?direct=true&db=a9h&AN=85210053&site=ehost-live
https://link.springer.com/article/10.1007%2Fs11205-011-9991-6},
   year = {2013},
   type = {Journal Article}
}

@article{RN303,
   author = {Lauriola, Marco and Iani, Luca},
   title = {Personality, positivity and happiness: A mediation analysis using a bifactor model},
   journal = {Journal of Happiness Studies},
   volume = {18},
   number = {6},
   pages = {1659-1682},
   ISSN = {1389-4978
1573-7780},
   DOI = {10.1007/s10902-016-9792-3},
   url = {http://search.ebscohost.com/login.aspx?direct=true&AuthType=sso&db=psyh&AN=2016-43395-001&site=ehost-live&scope=site&authtype=sso&custid=deakin
ORCID: 0000-0003-1151-3066
luca.iani@unier.it
marco.lauriola@uniroma1.it
https://link.springer.com/article/10.1007%2Fs10902-016-9792-3},
   year = {2017},
   type = {Journal Article}
}

@article{RN513,
   author = {Lightsey, Owen and Gharibian Gharghani, George and Katz, Aron and McKinney, Valerie and Rarey, Eli},
   title = {Positive Automatic Cognitions Mediate the Relationship Between Personality and Trait Positive Affect},
   journal = {Journal of Happiness Studies},
   volume = {14},
   number = {1},
   pages = {115-134},
   ISSN = {13894978},
   DOI = {10.1007/s10902-011-9319-x},
   url = {http://ezproxy.deakin.edu.au/login?url=http://search.ebscohost.com/login.aspx?direct=true&db=a9h&AN=85896494&site=ehost-live
https://link.springer.com/article/10.1007%2Fs10902-011-9319-x},
   year = {2013},
   type = {Journal Article}
}

@article{RN380,
   author = {Luhmann, Maike and Hawkley, Louise and Cacioppo, John},
   title = {Thinking About One's Subjective Well-Being: Average Trends and Individual Differences},
   journal = {Journal of Happiness Studies},
   volume = {15},
   number = {4},
   pages = {757-781},
   ISSN = {13894978},
   DOI = {10.1007/s10902-013-9448-5},
   url = {http://ezproxy.deakin.edu.au/login?url=http://search.ebscohost.com/login.aspx?direct=true&db=a9h&AN=97352879&site=ehost-live
https://www.ncbi.nlm.nih.gov/pmc/articles/PMC4201388/pdf/nihms484730.pdf},
   year = {2014},
   type = {Journal Article}
}

@article{RN298,
   author = {Luhmann, Maike and Hofmann, Wilhelm and Eid, Michael and Lucas, Richard E.},
   title = {Subjective Well-Being and Adaptation to Life Events: A Meta-Analysis on Differences Between Cognitive and Affective Well-Being},
   journal = {Journal of Personality and Social Psychology},
   volume = {102},
   number = {3},
   pages = {592-615},
   ISSN = {0022-3514
1939-1315},
   DOI = {10.1037/a0025948},
   url = {http://www.ncbi.nlm.nih.gov/pmc/articles/PMC3289759/
https://www.ncbi.nlm.nih.gov/pmc/articles/PMC3289759/pdf/nihms348311.pdf},
   year = {2012},
   type = {Journal Article}
}

@book{RN300,
   author = {Michalos, Alex},
   title = {Multiple Discrepancies Theory (MDT)},
   pages = {39-95},
   ISBN = {978-3-319-51148-1},
   DOI = {10.1007/978-3-319-51149-8_3},
   url = {https://link.springer.com/chapter/10.1007%2F978-3-319-51149-8_3},
   year = {2017},
   type = {Book}
}

@article{RN512,
   author = {Morris, Megan and Burns, Gary and Periard, David and Shoda, Elizabeth},
   title = {Extraversion-Emotional Stability Circumplex Traits and Subjective Well-Being},
   journal = {Journal of Happiness Studies},
   volume = {16},
   number = {6},
   pages = {1509-1523},
   ISSN = {13894978},
   DOI = {10.1007/s10902-014-9573-9},
   url = {http://ezproxy.deakin.edu.au/login?url=http://search.ebscohost.com/login.aspx?direct=true&db=pbh&AN=110953042&site=ehost-live
https://link.springer.com/article/10.1007%2Fs10902-014-9573-9},
   year = {2015},
   type = {Journal Article}
}

@article{RN378,
   author = {Najafy, Mahmoud and Hosseini, Shahrokh Makvand and Mohammadyfar, Mohammadali and Rostami, Maryam},
   title = {The relationship between life goals and personality traits with subjective well-being in adults},
   journal = {Journal of Fundamentals of Mental Health},
   volume = {17},
   number = {6},
   pages = {325-333},
   ISSN = {10286918},
   url = {http://ezproxy.deakin.edu.au/login?url=http://search.ebscohost.com/login.aspx?direct=true&db=a9h&AN=117105346&site=ehost-live},
   year = {2015},
   type = {Journal Article}
}

@article{RN372,
   author = {Ng, Weiting},
   title = {Processes Underlying Links to Subjective Well-being: Material Concerns, Autonomy, and Personality},
   journal = {Journal of Happiness Studies},
   volume = {16},
   number = {6},
   pages = {1575-1591},
   ISSN = {13894978},
   DOI = {10.1007/s10902-014-9580-x},
   url = {http://ezproxy.deakin.edu.au/login?url=http://search.ebscohost.com/login.aspx?direct=true&db=pbh&AN=110953036&site=ehost-live
https://link.springer.com/article/10.1007%2Fs10902-014-9580-x},
   year = {2015},
   type = {Journal Article}
}

@article{RN309,
   author = {Pelechano, Vicente and González-Leandro, Pedro and García, Livia and Morán, Carlos},
   title = {It is possible to be too happy? Happiness, personality, and psychopathology},
   journal = {International Journal of Clinical and Health Psychology},
   volume = {13},
   number = {1},
   pages = {18-24},
   ISSN = {1697-2600
2174-0852},
   DOI = {10.1016/S1697-2600(13)70003-6},
   url = {http://search.ebscohost.com/login.aspx?direct=true&AuthType=sso&db=psyh&AN=2013-03702-003&site=ehost-live&scope=site&authtype=sso&custid=deakin
vpelecha@ull.es
https://ac.els-cdn.com/S1697260013700036/1-s2.0-S1697260013700036-main.pdf?_tid=82f69c76-2bda-4d24-a6c6-46b8d72de266&acdnat=1535262132_3d0af66313f68e064163f7df70c62cad},
   year = {2013},
   type = {Journal Article}
}

@article{RN301,
   author = {Pollock, Noah and Noser, Amy and Holden, Christopher and Zeigler-Hill, Virgil},
   title = {Do Orientations to Happiness Mediate the Associations Between Personality Traits and Subjective Well-Being?},
   journal = {Journal of Happiness Studies},
   volume = {17},
   number = {2},
   pages = {713-729},
   ISSN = {13894978},
   DOI = {10.1007/s10902-015-9617-9},
   url = {http://search.ebscohost.com/login.aspx?direct=true&AuthType=sso&db=pbh&AN=113880859&site=ehost-live&scope=site&authtype=sso&custid=deakin
https://link.springer.com/article/10.1007%2Fs10902-015-9617-9},
   year = {2016},
   type = {Journal Article}
}

@article{RN371,
   author = {Puente DÍAz, Rogelio and Cavazos Arroyo, Judith},
   title = {Personality Factors, Affect, and Autonomy Support as Predictors of Life Satisfaction},
   journal = {Factores de personalidad, afecto y soporte como predictores de satisfacción de vida.},
   volume = {12},
   number = {1},
   pages = {41-53},
   ISSN = {16579267},
   url = {http://ezproxy.deakin.edu.au/login?url=http://search.ebscohost.com/login.aspx?direct=true&db=a9h&AN=91515252&site=ehost-live},
   year = {2013},
   type = {Journal Article}
}

@article{RN419,
   author = {Quevedo, Rosario J. Marrero and Abella, Mónica Carballeira},
   title = {Well-being and personality: Facet-level analyses},
   journal = {Personality and Individual Differences},
   volume = {50},
   number = {2},
   pages = {206-211},
   ISSN = {0191-8869},
   DOI = {10.1016/j.paid.2010.09.030},
   url = {http://search.ebscohost.com/login.aspx?direct=true&AuthType=sso&db=psyh&AN=2010-26712-016&site=ehost-live&scope=site&authtype=sso&custid=deakin
rmarrero@ull.es
https://www.sciencedirect.com/science/article/pii/S0191886910004733?via%3Dihub},
   year = {2011},
   type = {Journal Article}
}

@article{RN383,
   author = {Richardson, Ben and Fuller Tyszkiewicz, Matthew and Tomyn, Adrian and Cummins, Robert},
   title = {The Psychometric Equivalence of the Personal Wellbeing Index for Normally Functioning and Homeostatically Defeated Australian Adults},
   journal = {Journal of Happiness Studies},
   volume = {17},
   number = {2},
   pages = {627-641},
   ISSN = {13894978},
   DOI = {10.1007/s10902-015-9613-0},
   url = {http://ezproxy.deakin.edu.au/login?url=http://search.ebscohost.com/login.aspx?direct=true&db=a9h&AN=113880863&site=ehost-live
https://link.springer.com/article/10.1007%2Fs10902-015-9613-0},
   year = {2016},
   type = {Journal Article}
}

@article{RN520,
   author = {Sadler, M. E. and Miller, C. J. and Christensen, K. and McGue, M.},
   title = {Subjective wellbeing and longevity: a co-twin control study},
   journal = {Twin Res Hum Genet},
   volume = {14},
   number = {3},
   pages = {249-56},
   ISSN = {1832-4274 (Print)
1832-4274},
   DOI = {10.1375/twin.14.3.249},
   year = {2011},
   type = {Journal Article}
}

@article{RN379,
   author = {Siedlecki, Karen L. and Salthouse, Timothy A. and Oishi, Shigehiro and Jeswani, Sheena},
   title = {The Relationship Between Social Support and Subjective Well-Being Across Age},
   journal = {Social Indicators Research},
   volume = {117},
   number = {2},
   pages = {561-576},
   ISSN = {0303-8300},
   url = {http://ezproxy.deakin.edu.au/login?url=http://search.ebscohost.com/login.aspx?direct=true&db=mdc&AN=25045200&site=ehost-live
https://www.ncbi.nlm.nih.gov/pmc/articles/PMC4102493/pdf/nihms562786.pdf},
   year = {2014},
   type = {Journal Article}
}

@article{RN511,
   author = {Şimşek, Ömer},
   title = {An Intentional Model of Emotional Well-Being: The Development and Initial Validation of a Measure of Subjective Well-Being},
   journal = {Journal of Happiness Studies},
   volume = {12},
   number = {3},
   pages = {421-442},
   ISSN = {13894978},
   DOI = {10.1007/s10902-010-9203-0},
   url = {http://ezproxy.deakin.edu.au/login?url=http://search.ebscohost.com/login.aspx?direct=true&db=pbh&AN=60018424&site=ehost-live
https://link.springer.com/article/10.1007%2Fs10902-010-9203-0},
   year = {2011},
   type = {Journal Article}
}

@article{RN310,
   author = {Soto, Christopher J.},
   title = {Is happiness good for your personality? Concurrent and prospective relations of the big five with subjective well‐being},
   journal = {Journal of Personality},
   volume = {83},
   number = {1},
   pages = {45-55},
   ISSN = {0022-3506
1467-6494},
   DOI = {10.1111/jopy.12081},
   url = {http://search.ebscohost.com/login.aspx?direct=true&AuthType=sso&db=psyh&AN=2015-00384-004&site=ehost-live&scope=site&authtype=sso&custid=deakin
christopher.soto@colby.edu
https://onlinelibrary.wiley.com/doi/abs/10.1111/jopy.12081},
   year = {2015},
   type = {Journal Article}
}

@article{RN516,
   author = {Sun, Jessie and Kaufman, Scott Barry and Smillie, Luke D.},
   title = {Unique Associations Between Big Five Personality Aspects and Multiple Dimensions of Well-Being},
   journal = {Journal of Personality},
   volume = {86},
   number = {2},
   pages = {158-172},
   ISSN = {00223506},
   DOI = {10.1111/jopy.12301},
   url = {http://ezproxy.deakin.edu.au/login?url=http://search.ebscohost.com/login.aspx?direct=true&db=pbh&AN=128361582&site=ehost-live
https://onlinelibrary.wiley.com/doi/abs/10.1111/jopy.12301},
   year = {2018},
   type = {Journal Article}
}

@article{RN364,
   author = {Tanksale, Deepa},
   title = {Big Five personality traits: are they really important for the subjective well-being of Indians?},
   journal = {International Journal Of Psychology: Journal International De Psychologie},
   volume = {50},
   number = {1},
   pages = {64-69},
   ISSN = {1464-066X},
   DOI = {10.1002/ijop.12060},
   url = {http://ezproxy.deakin.edu.au/login?url=http://search.ebscohost.com/login.aspx?direct=true&db=mdc&AN=25611929&site=ehost-live
https://onlinelibrary.wiley.com/doi/abs/10.1002/ijop.12060},
   year = {2015},
   type = {Journal Article}
}

@article{RN418,
   author = {Tomyn, Adrian and Cummins, Robert},
   title = {Subjective Wellbeing and Homeostatically Protected Mood: Theory Validation With Adolescents},
   journal = {Journal of Happiness Studies},
   volume = {12},
   number = {5},
   pages = {897-914},
   ISSN = {13894978},
   DOI = {10.1007/s10902-010-9235-5},
   url = {http://ezproxy.deakin.edu.au/login?url=http://search.ebscohost.com/login.aspx?direct=true&db=pbh&AN=65425680&site=ehost-live
https://link.springer.com/article/10.1007%2Fs10902-010-9235-5},
   year = {2011},
   type = {Journal Article}
}

@article{RN519,
   author = {Tomyn, Adrian J. and Cummins, Robert A.},
   title = {Subjective Wellbeing and Homeostatically Protected Mood: Theory Validation With Adolescents},
   journal = {Journal of Happiness Studies},
   volume = {12},
   number = {5},
   pages = {897-914},
   ISSN = {1573-7780},
   DOI = {10.1007/s10902-010-9235-5},
   url = {https://doi.org/10.1007/s10902-010-9235-5},
   year = {2011},
   type = {Journal Article}
}

@article{RN366,
   author = {Tov, William and Nai, Ze Ling and Lee, Huey Woon},
   title = {Extraversion and Agreeableness: Divergent Routes to Daily Satisfaction With Social Relationships},
   journal = {Journal Of Personality},
   volume = {84},
   number = {1},
   pages = {121-134},
   ISSN = {1467-6494},
   DOI = {10.1111/jopy.12146},
   url = {http://ezproxy.deakin.edu.au/login?url=http://search.ebscohost.com/login.aspx?direct=true&db=mdc&AN=25345667&site=ehost-live
https://onlinelibrary.wiley.com/doi/abs/10.1111/jopy.12146},
   year = {2016},
   type = {Journal Article}
}

@article{RN307,
   author = {Weinberg, Melissa and Heath, Nicola and Tomyn, Adrian},
   title = {Rebound or Resignation: Developing a Predictive Model of Return to Subjective Wellbeing Set-Point},
   journal = {Journal of Happiness Studies},
   volume = {17},
   number = {4},
   pages = {1565-1575},
   ISSN = {13894978},
   DOI = {10.1007/s10902-015-9659-z},
   url = {http://search.ebscohost.com/login.aspx?direct=true&AuthType=sso&db=pbh&AN=116936449&site=ehost-live&scope=site&authtype=sso&custid=deakin
https://link.springer.com/article/10.1007%2Fs10902-015-9659-z},
   year = {2016},
   type = {Journal Article}
}

@article{RN308,
   author = {Weiss, Alexander and Baselmans, Bart M. L. and Hofer, Edith and Yang, Jingyun and Okbay, Aysu and Lind, Penelope A. and Miller, Mike B. and Nolte, Ilja M. and Zhao, Wei and Hagenaars, Saskia P. and Hottenga, Jouke-Jan and Matteson, Lindsay K. and Snieder, Harold and Faul, Jessica D. and Hartman, Catharina A. and Boyle, Patricia A. and Tiemeier, Henning and Mosing, Miriam A. and Pattie, Alison and Davies, Gail and Liewald, David C. and Schmidt, Reinhold and De Jager, Philip L. and Heath, Andrew C. and Jokela, Markus and Starr, John M. and Oldehinkel, Albertine J. and Johannesson, Magnus and Cesarini, David and Hofman, Albert and Harris, Sarah E. and Smith, Jennifer A. and Keltikangas-Järvinen, Liisa and Pulkki-Råback, Laura and Schmidt, Helena and Smith, Jacqui and Iacono, William G. and McGue, Matt and Bennett, David A. and Pedersen, Nancy L. and Magnusson, Patrik K. E. and Deary, Ian J. and Martin, Nicholas G. and Boomsma, Dorret I. and Bartels, Meike and Luciano, Michelle},
   title = {Personality polygenes, positive affect, and life satisfaction},
   journal = {Twin Research and Human Genetics},
   volume = {19},
   number = {5},
   pages = {407-417},
   ISSN = {1832-4274
1839-2628},
   DOI = {10.1017/thg.2016.65},
   url = {http://search.ebscohost.com/login.aspx?direct=true&AuthType=sso&db=psyh&AN=2016-45204-003&site=ehost-live&scope=site&authtype=sso&custid=deakin
ORCID: 0000-0001-8759-6393
michelle.luciano@ed.ac.uk
https://www.cambridge.org/core/services/aop-cambridge-core/content/view/4DB2BE673BF122FB9A0AF2147EED80C0/S1832427416000657a.pdf/div-class-title-personality-polygenes-positive-affect-and-life-satisfaction-div.pdf},
   year = {2016},
   type = {Journal Article}
}

@article{RN501,
   author = {Woods, Stephen A. and Hampson, Sarah E.},
   title = {Measuring the Big Five with single items using a bipolar response scale},
   journal = {European Journal of Personality},
   volume = {19},
   number = {5},
   pages = {373-390},
   ISSN = {0890-2070},
   DOI = {10.1002/per.542},
   url = {https://doi.org/10.1002/per.542
https://onlinelibrary.wiley.com/doi/abs/10.1002/per.542},
   year = {2005},
   type = {Journal Article}
}

